@article{payne1969coding,
  title={Coding the Lehmer pseudo-random number generator},
  author={Payne, WH and Rabung, John R and Bogyo, TP},
  journal={Communications of the ACM},
  volume={12},
  number={2},
  pages={85--86},
  year={1969},
  publisher={ACM New York, NY, USA}
}

@article{marsaglia1994yet,
  title={Yet another rng},
  author={Marsaglia, George},
  journal={Posted to the electronic billboard sci. stat. math, August},
  volume={1},
  year={1994}
}